<?xml version='1.0' encoding='utf-8'?>
<record xmlns="http://www.loc.gov/MARC21/slim" xmlns:xsi="http://www.w3.org/2001/XMLSchema-instance">
  <leader>00000nac^a22001812^^4500</leader>
  <controlfield tag="001">003963492</controlfield>
  <controlfield tag="005">20150827184625.0</controlfield>
  <controlfield tag="008">980312nuuuuuuuuxxu^^^^^^^^^^^000^0^eng^d</controlfield>
  <datafield tag="035" ind1=" " ind2=" ">
    <subfield code="a">(OCoLC)702903090</subfield>
  </datafield>
  <datafield tag="040" ind1=" " ind2=" ">
    <subfield code="a">MiU-H</subfield>
    <subfield code="c">MiU-H</subfield>
  </datafield>
  <datafield tag="245" ind1="0" ind2="0">
    <subfield code="a">Ukrainians in the United States :</subfield>
    <subfield code="b">publications of Ukrainian-American organizations and institutions.</subfield>
  </datafield>
  <datafield tag="260" ind1=" " ind2=" ">
    <subfield code="a">[n.p.,</subfield>
    <subfield code="c">n.d.]</subfield>
  </datafield>
  <datafield tag="300" ind1=" " ind2=" ">
    <subfield code="a">1 box</subfield>
  </datafield>
  <datafield tag="555" ind1="0" ind2=" ">
    <subfield code="a">Finding aid in the library.</subfield>
  </datafield>
  <datafield tag="555" ind1="0" ind2=" ">
    <subfield code="a">Finding aid available via the World Wide web at URL: http://quod.lib.umich.edu/cgi/f/findaid/findaid-idx?c=bhlead;idno=umich-bhl-2009133</subfield>
  </datafield>
  <datafield tag="650" ind1=" " ind2="0">
    <subfield code="a">Ukrainian Americans.</subfield>
  </datafield>
  <datafield tag="856" ind1="4" ind2="2">
    <subfield code="u">http://quod.lib.umich.edu/cgi/f/findaid/findaid-idx?c=bhlead;idno=umich-bhl-2009133</subfield>
    <subfield code="3">Finding Aid:</subfield>
  </datafield>
  <datafield tag="852" ind1="8" ind2=" ">
    <subfield code="a">MiU-H</subfield>
    <subfield code="b">BENT</subfield>
    <subfield code="h">2009133 Aa 2 [Box]</subfield>
  </datafield>
  <datafield tag="997" ind1=" " ind2=" ">
    <subfield code="a">MARS</subfield>
  </datafield>
  <datafield tag="998" ind1=" " ind2=" ">
    <subfield code="c">LAC</subfield>
  </datafield>
  <datafield tag="955" ind1=" " ind2=" ">
    <subfield code="b">BENT</subfield>
    <subfield code="p">39015071657964</subfield>
    <subfield code="z">Federatsiia Amerykansâkykh Ukraïntsiv v Mishihen. Statut. Detroit, 1947.</subfield>
  </datafield>
  <datafield tag="955" ind1=" " ind2=" ">
    <subfield code="b">BENT</subfield>
    <subfield code="p">39015071657972</subfield>
    <subfield code="z">Orhanizatsiia Oborony Ukraïny. Prohram i Statut. New York, 1924.</subfield>
  </datafield>
  <datafield tag="955" ind1=" " ind2=" ">
    <subfield code="b">BENT</subfield>
    <subfield code="p">39015071657980</subfield>
    <subfield code="z">Federatsiia Amerykansâkykh Ukraïntsiv v Mishihen. Iuvileiny&amp;i-short; Alâmanakh, 1939-1954. Detroit, 1954.</subfield>
  </datafield>
  <datafield tag="955" ind1=" " ind2=" ">
    <subfield code="b">BENT</subfield>
    <subfield code="p">39015071657998</subfield>
    <subfield code="z">Ukraïnsâky? Narodny&amp;i-short; Soiuz. Tovarystvo im. M. Sichynsâkoho, Viddil 146. Statut. Hamtramck, 1926.</subfield>
  </datafield>
  <datafield tag="955" ind1=" " ind2=" ">
    <subfield code="b">BENT</subfield>
    <subfield code="p">39015071658004</subfield>
    <subfield code="z">Federatsiia Amerykansâkykh Ukraïntsiv v Mishihen. Zvit z diialânosty, 1939-1949. Detroit, 1949.</subfield>
  </datafield>
  <datafield tag="955" ind1=" " ind2=" ">
    <subfield code="b">BENT</subfield>
    <subfield code="p">39015071658012</subfield>
    <subfield code="z">Tovarystvo Starshykh vikom Ukraïntsiv v Mishihen. Statut. Detroit, 1949.</subfield>
  </datafield>
  <datafield tag="955" ind1=" " ind2=" ">
    <subfield code="b">BENT</subfield>
    <subfield code="p">39015071658020</subfield>
    <subfield code="z">Soviet-American Tractor Co-operative Association. Bylaws. Detroit, [19--].</subfield>
  </datafield>
  <datafield tag="955" ind1=" " ind2=" ">
    <subfield code="b">BENT</subfield>
    <subfield code="p">39015071658038</subfield>
    <subfield code="z">Ukraïnsâky&amp;i-short; Prosvitny&amp;i-short; Dim. Statut. Detroit, 1923.</subfield>
  </datafield>
  <datafield tag="955" ind1=" " ind2=" ">
    <subfield code="b">BENT</subfield>
    <subfield code="p">39015071658046</subfield>
    <subfield code="z">Ukraïnsâky&amp;i-short; Konhresovy&amp;i-short; Komitet. Z Nagody Desiatylittia 1940-1950. New York, 1950.</subfield>
  </datafield>
  <datafield tag="955" ind1=" " ind2=" ">
    <subfield code="b">BENT</subfield>
    <subfield code="p">39015071658053</subfield>
    <subfield code="z">Ukraïnsâko-Amerykansâky&amp;i-short; Oseredok. Statut. Detroit, [19--]. Copy 2</subfield>
  </datafield>
  <datafield tag="955" ind1=" " ind2=" ">
    <subfield code="b">BENT</subfield>
    <subfield code="p">39015071658061</subfield>
    <subfield code="z">Ukraïnsâko-Amerykansâky&amp;i-short; Oseredok. Statut. Detroit, [19--]. Copy 1</subfield>
  </datafield>
  <datafield tag="955" ind1=" " ind2=" ">
    <subfield code="b">BENT</subfield>
    <subfield code="p">39015071658079</subfield>
    <subfield code="z">Ukraïnsâka Narodna Hromada v Nort Ditro&amp;i-short;t. Statut. Detroit, [1940].</subfield>
  </datafield>
  <datafield tag="955" ind1=" " ind2=" ">
    <subfield code="b">BENT</subfield>
    <subfield code="p">39015071658087</subfield>
    <subfield code="z">Ukraïnsâke Likarsâke Tovarystvo Pivnichonoï Ameryky. Michihansâky? Viddil. Likarsâkii Alâmanakh. Detroit, 1962.</subfield>
  </datafield>
  <datafield tag="955" ind1=" " ind2=" ">
    <subfield code="b">BENT</subfield>
    <subfield code="p">39015071658095</subfield>
    <subfield code="z">Ukrainian Art Exhibit, Wayne State University. Souvenir booklet. Detroit, 1960.</subfield>
  </datafield>
  <datafield tag="955" ind1=" " ind2=" ">
    <subfield code="b">BENT</subfield>
    <subfield code="p">39015071658103</subfield>
    <subfield code="z">Ukrainian Community Center, Warren, Mich. Velyky&amp;i-short; vesniany&amp;i-short; kontsert. Apr. 23, 1978</subfield>
  </datafield>
  <datafield tag="955" ind1=" " ind2=" ">
    <subfield code="b">BENT</subfield>
    <subfield code="p">39015071658111</subfield>
    <subfield code="z">Ukrainian Community Center, Warren, Mich. Velyky&amp;i-short; vesniany&amp;i-short; kontsert. Apr. 23, 1978</subfield>
  </datafield>
  <datafield tag="955" ind1=" " ind2=" ">
    <subfield code="b">BENT</subfield>
    <subfield code="p">39015071658129</subfield>
    <subfield code="z">Ukrainian National Museum and Archives. Report. [1964?]</subfield>
  </datafield>
  <datafield tag="955" ind1=" " ind2=" ">
    <subfield code="b">BENT</subfield>
    <subfield code="p">39015071658137</subfield>
    <subfield code="z">Ukrainian National Museum and Archives. Report. [1964?]</subfield>
  </datafield>
  <datafield tag="955" ind1=" " ind2=" ">
    <subfield code="b">BENT</subfield>
    <subfield code="p">39015071658145</subfield>
    <subfield code="z">Ukrainian National Museum and Archives. Report. 1966</subfield>
  </datafield>
  <datafield tag="955" ind1=" " ind2=" ">
    <subfield code="b">BENT</subfield>
    <subfield code="p">39015071658152</subfield>
    <subfield code="z">Ukrainian National Museum and Archives. Report. 1967</subfield>
  </datafield>
  <datafield tag="955" ind1=" " ind2=" ">
    <subfield code="b">BENT</subfield>
    <subfield code="p">39015071658160</subfield>
    <subfield code="z">Ukrainian National Museum and Archives. Report. 1970</subfield>
  </datafield>
  <datafield tag="955" ind1=" " ind2=" ">
    <subfield code="b">BENT</subfield>
    <subfield code="p">39015071658178</subfield>
    <subfield code="z">Ukrainian National Museum and Archives. Report. 1974</subfield>
  </datafield>
  <datafield tag="955" ind1=" " ind2=" ">
    <subfield code="b">BENT</subfield>
    <subfield code="p">39015071658186</subfield>
    <subfield code="z">Ukrainian National Museum and Archives. Report. 1975</subfield>
  </datafield>
  <datafield tag="955" ind1=" " ind2=" ">
    <subfield code="b">BENT</subfield>
    <subfield code="p">39015071658194</subfield>
    <subfield code="z">Ukrainian National Museum and Archives. Report. 1977</subfield>
  </datafield>
  <datafield tag="955" ind1=" " ind2=" ">
    <subfield code="b">BENT</subfield>
    <subfield code="p">39015071658202</subfield>
    <subfield code="z">Ukrainian National Museum and Archives. Report. 1978</subfield>
  </datafield>
  <datafield tag="955" ind1=" " ind2=" ">
    <subfield code="b">BENT</subfield>
    <subfield code="p">39015071658210</subfield>
    <subfield code="z">Ukrainian National Museum and Archives. Report. 1979</subfield>
  </datafield>
  <datafield tag="955" ind1=" " ind2=" ">
    <subfield code="b">BENT</subfield>
    <subfield code="p">39015071658228</subfield>
    <subfield code="z">Immaculate Conception Ukrainian Catholic High School, Hamtramck, Mich. The Basilea. 1977-78, v.15, no.1.</subfield>
  </datafield>
  <datafield tag="955" ind1=" " ind2=" ">
    <subfield code="b">BENT</subfield>
    <subfield code="p">39015071658236</subfield>
    <subfield code="z">Immaculate Conception Ukrainian Catholic High School, Hamtramck, Mich. The Basilea. 1977-78, v.15, no.3.</subfield>
  </datafield>
  <datafield tag="955" ind1=" " ind2=" ">
    <subfield code="b">BENT</subfield>
    <subfield code="p">39015071658244</subfield>
    <subfield code="z">Immaculate Conception Ukrainian Catholic High School, Hamtramck, Mich. The Basilea. 1977-78, v.15, no.4.</subfield>
  </datafield>
  <datafield tag="955" ind1=" " ind2=" ">
    <subfield code="b">BENT</subfield>
    <subfield code="p">39015071658251</subfield>
    <subfield code="z">Immaculate Conception Ukrainian Catholic High School, Hamtramck, Mich. The Basilea. 1977-78, v.15, no.5.</subfield>
  </datafield>
  <datafield tag="955" ind1=" " ind2=" ">
    <subfield code="b">BENT</subfield>
    <subfield code="p">39015071658269</subfield>
    <subfield code="z">Immaculate Conception Ukrainian Catholic High School, Hamtramck, Mich. Dedication booklet. 1952.</subfield>
  </datafield>
  <datafield tag="955" ind1=" " ind2=" ">
    <subfield code="b">BENT</subfield>
    <subfield code="p">39015071658277</subfield>
    <subfield code="z">Immaculate Conception Ukrainian Catholic High School, Hamtramck, Mich. Icon: 1966</subfield>
  </datafield>
  <datafield tag="955" ind1=" " ind2=" ">
    <subfield code="b">BENT</subfield>
    <subfield code="p">39015071658285</subfield>
    <subfield code="z">Immaculate Conception Ukrainian Catholic High School, Hamtramck, Mich. Icon: 1969</subfield>
  </datafield>
  <datafield tag="955" ind1=" " ind2=" ">
    <subfield code="b">BENT</subfield>
    <subfield code="p">39015071658293</subfield>
    <subfield code="z">Immaculate Conception Ukrainian Catholic High School, Hamtramck, Mich. Icon: 1978</subfield>
  </datafield>
  <datafield tag="955" ind1=" " ind2=" ">
    <subfield code="b">BENT</subfield>
    <subfield code="p">39015071658301</subfield>
    <subfield code="z">Ukrainian Medical Association of North America. Journal. 1974: October</subfield>
  </datafield>
  <datafield tag="955" ind1=" " ind2=" ">
    <subfield code="b">BENT</subfield>
    <subfield code="p">39015071658319</subfield>
    <subfield code="z">Ukrainian Medical Association of North America. Journal. 1974: July</subfield>
  </datafield>
  <datafield tag="955" ind1=" " ind2=" ">
    <subfield code="b">BENT</subfield>
    <subfield code="p">39015071658327</subfield>
    <subfield code="z">Ukrainian Medical Association of North America. Journal. 1974: January</subfield>
  </datafield>
  <datafield tag="955" ind1=" " ind2=" ">
    <subfield code="b">BENT</subfield>
    <subfield code="p">39015071658335</subfield>
    <subfield code="z">Ukrainian Medical Association of North America. Journal. 1973: July</subfield>
  </datafield>
  <datafield tag="955" ind1=" " ind2=" ">
    <subfield code="b">BENT</subfield>
    <subfield code="p">39015071658343</subfield>
    <subfield code="z">Ukrainian Medical Association of North America. Journal. 1973: January-April</subfield>
  </datafield>
  <datafield tag="955" ind1=" " ind2=" ">
    <subfield code="b">BENT</subfield>
    <subfield code="p">39015071658350</subfield>
    <subfield code="z">Ukrainian Medical Association of North America. Journal. 1972: October</subfield>
  </datafield>
  <datafield tag="955" ind1=" " ind2=" ">
    <subfield code="b">BENT</subfield>
    <subfield code="p">39015071658368</subfield>
    <subfield code="z">Ukrainian Medical Association of North America. Journal. 1972: July</subfield>
  </datafield>
  <datafield tag="955" ind1=" " ind2=" ">
    <subfield code="b">BENT</subfield>
    <subfield code="p">39015071658376</subfield>
    <subfield code="z">Ukrainian Medical Association of North America. 25-littia ukraïnsâkoho likarsâkoho tovarystva i medychnoï hromady. Chicago, Chicago, 1975.</subfield>
  </datafield>
  <datafield tag="955" ind1=" " ind2=" ">
    <subfield code="b">BENT</subfield>
    <subfield code="p">39015071658384</subfield>
    <subfield code="z">Ukrainian Medical Association of North America. Nomina anoatomica Ukrainica ? Anatomichny&amp;i-short; slovnyk. Detroit, 1971.</subfield>
  </datafield>
  <datafield tag="955" ind1=" " ind2=" ">
    <subfield code="b">BENT</subfield>
    <subfield code="p">39015071658392</subfield>
    <subfield code="z">Ukrainian Medical Association of North America. Journal. 1978: October</subfield>
  </datafield>
  <datafield tag="955" ind1=" " ind2=" ">
    <subfield code="b">BENT</subfield>
    <subfield code="p">39015071658400</subfield>
    <subfield code="z">Ukrainian Medical Association of North America. Journal. 1978: July</subfield>
  </datafield>
  <datafield tag="955" ind1=" " ind2=" ">
    <subfield code="b">BENT</subfield>
    <subfield code="p">39015071658418</subfield>
    <subfield code="z">Ukrainian Medical Association of North America. Journal. 1978: January-April</subfield>
  </datafield>
  <datafield tag="955" ind1=" " ind2=" ">
    <subfield code="b">BENT</subfield>
    <subfield code="p">39015071658426</subfield>
    <subfield code="z">Ukrainian Medical Association of North America. Journal. 1977: October</subfield>
  </datafield>
  <datafield tag="955" ind1=" " ind2=" ">
    <subfield code="b">BENT</subfield>
    <subfield code="p">39015071658434</subfield>
    <subfield code="z">Ukrainian Medical Association of North America. Journal. 1977: April</subfield>
  </datafield>
  <datafield tag="955" ind1=" " ind2=" ">
    <subfield code="b">BENT</subfield>
    <subfield code="p">39015071658442</subfield>
    <subfield code="z">Ukrainian Medical Association of North America. Journal. 1977: January</subfield>
  </datafield>
  <datafield tag="955" ind1=" " ind2=" ">
    <subfield code="b">BENT</subfield>
    <subfield code="p">39015071658459</subfield>
    <subfield code="z">Ukrainian Medical Association of North America. Journal. 1976: July-October</subfield>
  </datafield>
  <datafield tag="955" ind1=" " ind2=" ">
    <subfield code="b">BENT</subfield>
    <subfield code="p">39015071658467</subfield>
    <subfield code="z">Ukrainian Medical Association of North America. Journal. 1975: October</subfield>
  </datafield>
  <datafield tag="955" ind1=" " ind2=" ">
    <subfield code="b">BENT</subfield>
    <subfield code="p">39015071658475</subfield>
    <subfield code="z">Ukrainian Medical Association of North America. Journal. 1975: January</subfield>
  </datafield>
  <datafield tag="955" ind1=" " ind2=" ">
    <subfield code="b">BENT</subfield>
    <subfield code="p">39015071658483</subfield>
    <subfield code="z">Ukrainian Medical Association of North America. Medychny&amp;i-short; latynsâko-ukransâky&amp;i-short;? slovnyk. Detroit, 1969.</subfield>
  </datafield>
  <datafield tag="955" ind1=" " ind2=" ">
    <subfield code="b">BENT</subfield>
    <subfield code="p">39015071658491</subfield>
    <subfield code="z">Ukrainian Youth Organization. Visti iz stanytsi. 1976</subfield>
  </datafield>
  <datafield tag="955" ind1=" " ind2=" ">
    <subfield code="b">BENT</subfield>
    <subfield code="p">39015071658509</subfield>
    <subfield code="z">Ukrainian Youth Organization. Visti iz stanytsi. 1975</subfield>
  </datafield>
  <datafield tag="955" ind1=" " ind2=" ">
    <subfield code="b">BENT</subfield>
    <subfield code="p">39015071658517</subfield>
    <subfield code="z">Ukrainian Youth Organization. Visti iz stanytsi. 1968</subfield>
  </datafield>
  <datafield tag="955" ind1=" " ind2=" ">
    <subfield code="b">BENT</subfield>
    <subfield code="p">39015071658525</subfield>
    <subfield code="z">Ukrainian Youth Organization. Visti iz stanytsi. 1967</subfield>
  </datafield>
  <datafield tag="955" ind1=" " ind2=" ">
    <subfield code="b">BENT</subfield>
    <subfield code="p">39015071658533</subfield>
    <subfield code="z">Ukrainian Youth Organization. Visti iz stanytsi. 1966</subfield>
  </datafield>
  <datafield tag="955" ind1=" " ind2=" ">
    <subfield code="b">BENT</subfield>
    <subfield code="p">39015071658541</subfield>
    <subfield code="z">Ukrainian Youth Organization. Visti iz stanytsi. 1965</subfield>
  </datafield>
  <datafield tag="955" ind1=" " ind2=" ">
    <subfield code="b">BENT</subfield>
    <subfield code="p">39015071658558</subfield>
    <subfield code="z">Ukrainian Youth Organization. Visti iz stanytsi. 1964</subfield>
  </datafield>
  <datafield tag="955" ind1=" " ind2=" ">
    <subfield code="b">BENT</subfield>
    <subfield code="p">39015071658566</subfield>
    <subfield code="z">Ukrainian Youth Organization. Visti iz stanytsi. 1964</subfield>
  </datafield>
  <datafield tag="955" ind1=" " ind2=" ">
    <subfield code="b">BENT</subfield>
    <subfield code="p">39015071658574</subfield>
    <subfield code="z">Ukrainian Youth Organization. Visti iz stanytsi. 1963</subfield>
  </datafield>
  <datafield tag="955" ind1=" " ind2=" ">
    <subfield code="b">BENT</subfield>
    <subfield code="p">39015071658582</subfield>
    <subfield code="z">Ukrainian Youth Organization. Visti iz stanytsi. 1962</subfield>
  </datafield>
  <datafield tag="955" ind1=" " ind2=" ">
    <subfield code="b">BENT</subfield>
    <subfield code="p">39015071658590</subfield>
    <subfield code="z">Ukrainian Youth Organization. Visti iz stanytsi. 1962</subfield>
  </datafield>
  <datafield tag="955" ind1=" " ind2=" ">
    <subfield code="b">BENT</subfield>
    <subfield code="p">39015071658608</subfield>
    <subfield code="z">Ukrainian Youth Organization. Visti iz stanytsi. 1961</subfield>
  </datafield>
  <datafield tag="955" ind1=" " ind2=" ">
    <subfield code="b">BENT</subfield>
    <subfield code="p">39015071658616</subfield>
    <subfield code="z">Immaculate Conception Ukrainian Catholic Church, Hamtramck, Mich. Golden anniversary booklet. 1969.</subfield>
  </datafield>
  <datafield tag="955" ind1=" " ind2=" ">
    <subfield code="b">BENT</subfield>
    <subfield code="p">39015071658624</subfield>
    <subfield code="z">Immaculate Conception Ukrainian Catholic Church, Hamtramck, Mich. Sisterhood of the Immaculate Conception: Prohrama 40-litnâoho iuvileiu Sestritstva Heporochnoh Zachattia Prechystoï Divy Mariï. 195</subfield>
  </datafield>
  <datafield tag="955" ind1=" " ind2=" ">
    <subfield code="b">BENT</subfield>
    <subfield code="p">39015071658632</subfield>
    <subfield code="z">Immaculate Conception Ukrainian Catholic Church, Hamtramck, Mich. Registered parish membership list 1955-58</subfield>
  </datafield>
  <datafield tag="955" ind1=" " ind2=" ">
    <subfield code="b">BENT</subfield>
    <subfield code="p">39015071658640</subfield>
    <subfield code="z">Ukrainian Youth League of North America. Mid-west rally, Detroit, 1949.</subfield>
  </datafield>
  <datafield tag="955" ind1=" " ind2=" ">
    <subfield code="b">BENT</subfield>
    <subfield code="p">39015071658657</subfield>
    <subfield code="z">Ukrainian Youth League of North America. Directory. 1956</subfield>
  </datafield>
  <datafield tag="955" ind1=" " ind2=" ">
    <subfield code="b">BENT</subfield>
    <subfield code="p">39015071658665</subfield>
    <subfield code="z">Ukrainian Youth League of North America. Directory. 1954</subfield>
  </datafield>
  <datafield tag="955" ind1=" " ind2=" ">
    <subfield code="b">BENT</subfield>
    <subfield code="p">39015071658673</subfield>
    <subfield code="z">Ukrainian Youth League of North America. Directory. 1958</subfield>
  </datafield>
  <datafield tag="955" ind1=" " ind2=" ">
    <subfield code="b">BENT</subfield>
    <subfield code="p">39015071658681</subfield>
    <subfield code="z">Ukrainian Youth League of North America. Directory. 1957</subfield>
  </datafield>
  <datafield tag="955" ind1=" " ind2=" ">
    <subfield code="b">BENT</subfield>
    <subfield code="p">39015071658699</subfield>
    <subfield code="z">Ukrainian Catholic Youth League. Sixth annual sports rally, Detroit, 1961.</subfield>
  </datafield>
  <datafield tag="955" ind1=" " ind2=" ">
    <subfield code="b">BENT</subfield>
    <subfield code="p">39015071658707</subfield>
    <subfield code="z">Ukrainian Bandurists Chorus. 1923-1953</subfield>
  </datafield>
  <datafield tag="955" ind1=" " ind2=" ">
    <subfield code="b">BENT</subfield>
    <subfield code="p">39015071658715</subfield>
    <subfield code="z">Ukrainian Bandurists Chorus. Souvenir book, c. 1958</subfield>
  </datafield>
  <datafield tag="955" ind1=" " ind2=" ">
    <subfield code="b">BENT</subfield>
    <subfield code="p">39015071658723</subfield>
    <subfield code="z">Ukrainian Bandurists Chorus. Concert flyer, 1969</subfield>
  </datafield>
  <datafield tag="955" ind1=" " ind2=" ">
    <subfield code="b">BENT</subfield>
    <subfield code="p">39015071658731</subfield>
    <subfield code="z">Ukrainian Bandurists Chorus.  Flyer, 1923-1953</subfield>
  </datafield>
  <datafield tag="955" ind1=" " ind2=" ">
    <subfield code="b">BENT</subfield>
    <subfield code="p">39015071658749</subfield>
    <subfield code="z">Ukrainian Bandurists Chorus.  Fall 1953 concert schedule</subfield>
  </datafield>
  <datafield tag="955" ind1=" " ind2=" ">
    <subfield code="b">BENT</subfield>
    <subfield code="p">39015071658756</subfield>
    <subfield code="z">Ukrainian Bandurists Chorus.  Press release, Windsor Daily Star, Oct. 5, 1953</subfield>
  </datafield>
  <datafield tag="955" ind1=" " ind2=" ">
    <subfield code="b">BENT</subfield>
    <subfield code="p">39015071658764</subfield>
    <subfield code="z">Ukrainian Bandurists Chorus.  Press release, Detroit News, Oct. 5, 1953</subfield>
  </datafield>
  <datafield tag="955" ind1=" " ind2=" ">
    <subfield code="b">BENT</subfield>
    <subfield code="p">39015071658772</subfield>
    <subfield code="z">Ukrainian Bandurists Chorus.  Press release, Detroit Free Press, Oct. 5, 1953</subfield>
  </datafield>
  <datafield tag="955" ind1=" " ind2=" ">
    <subfield code="b">BENT</subfield>
    <subfield code="p">39015071658780</subfield>
    <subfield code="z">Ukrainian Bandurists Chorus.  Ukrainian Independence Day program, January 20, 1974</subfield>
  </datafield>
  <datafield tag="955" ind1=" " ind2=" ">
    <subfield code="b">BENT</subfield>
    <subfield code="p">39015071658798</subfield>
    <subfield code="z">Ukrainian Bandurists Chorus.  Program, March 9, 1969</subfield>
  </datafield>
  <datafield tag="955" ind1=" " ind2=" ">
    <subfield code="b">BENT</subfield>
    <subfield code="p">39015071658806</subfield>
    <subfield code="z">Ukrainian Bandurists Chorus. Souvenir book, c. 1960</subfield>
  </datafield>
  <datafield tag="955" ind1=" " ind2=" ">
    <subfield code="b">BENT</subfield>
    <subfield code="p">39015071658814</subfield>
    <subfield code="z">Ukrainian Bandurists Chorus. Concert program, December 16, 1945</subfield>
  </datafield>
  <datafield tag="955" ind1=" " ind2=" ">
    <subfield code="b">BENT</subfield>
    <subfield code="p">39015071658822</subfield>
    <subfield code="z">Ukrainian Bandurists Chorus. Flyer, 1959</subfield>
  </datafield>
  <datafield tag="955" ind1=" " ind2=" ">
    <subfield code="b">BENT</subfield>
    <subfield code="p">39015071658830</subfield>
    <subfield code="z">Ukrainian Bandurists Chorus. Concert program, December 10, 1960</subfield>
  </datafield>
  <datafield tag="955" ind1=" " ind2=" ">
    <subfield code="b">BENT</subfield>
    <subfield code="p">39015071658848</subfield>
    <subfield code="z">Ukrainian Bandurists Chorus. Souvenir book, c. 1949</subfield>
  </datafield>
  <datafield tag="955" ind1=" " ind2=" ">
    <subfield code="b">BENT</subfield>
    <subfield code="p">39015071658855</subfield>
    <subfield code="z">Ukrainian Bandurists Chorus. Ukrainian American Youth Association Girl Bandura Chorus booklet, 1976</subfield>
  </datafield>
  <datafield tag="955" ind1=" " ind2=" ">
    <subfield code="b">BENT</subfield>
    <subfield code="p">39015071658863</subfield>
    <subfield code="z">Testimonial dinner program, Nov. 13, 1957</subfield>
  </datafield>
  <datafield tag="955" ind1=" " ind2=" ">
    <subfield code="b">BENT</subfield>
    <subfield code="p">39015071658871</subfield>
    <subfield code="z">Testimonial dinner program, Dec. 5, 1965</subfield>
  </datafield>
  <datafield tag="955" ind1=" " ind2=" ">
    <subfield code="b">BENT</subfield>
    <subfield code="p">39015071658889</subfield>
    <subfield code="z">Testimonial dinner program, July 30, 1968</subfield>
  </datafield>
  <datafield tag="955" ind1=" " ind2=" ">
    <subfield code="b">BENT</subfield>
    <subfield code="p">39015071658897</subfield>
    <subfield code="z">Testimonial dinner program, Nov. 18, 1956</subfield>
  </datafield>
  <datafield tag="955" ind1=" " ind2=" ">
    <subfield code="b">BENT</subfield>
    <subfield code="p">39015071658905</subfield>
    <subfield code="z">Taras Schevchenko memorial book. 1964</subfield>
  </datafield>
  <datafield tag="955" ind1=" " ind2=" ">
    <subfield code="b">BENT</subfield>
    <subfield code="p">39015071658913</subfield>
    <subfield code="z">Parfanowycz, Sophie. Fairylike Oakwood. Chicago, 1965.</subfield>
  </datafield>
  <datafield tag="955" ind1=" " ind2=" ">
    <subfield code="b">BENT</subfield>
    <subfield code="p">39015071658921</subfield>
    <subfield code="z">Ukrainian Bandurists Chorus. Concert program, Oct. 18, 1958</subfield>
  </datafield>
  <datafield tag="955" ind1=" " ind2=" ">
    <subfield code="b">BENT</subfield>
    <subfield code="p">39015071658939</subfield>
    <subfield code="z">Ukrainian Bandurists Chorus. Concert program, Oct. 2, 1949</subfield>
  </datafield>
</record>
